<record><leader>00000cas a22000007a 4500</leader><controlfield tag="001">11241454</controlfield><controlfield tag="008">841009c18749999iauwr ne      0    0eng d</controlfield><datafield ind1=" " ind2=" " tag="010"><subfield code="a">sn 84038274 </subfield></datafield><datafield ind1=" " ind2=" " tag="040"><subfield code="a">NPX</subfield><subfield code="b">eng</subfield><subfield code="c">NPX</subfield><subfield code="d">INP</subfield><subfield code="d">OCLCQ</subfield></datafield><datafield ind1=" " ind2=" " tag="042"><subfield code="a">msc</subfield></datafield><datafield ind1="0" ind2="0" tag="245"><subfield code="a">Lenox time table.</subfield></datafield><datafield ind1="1" ind2="3" tag="246"><subfield code="a">Time table</subfield><subfield code="f">Oct. 23, 1952-June 22, 1978</subfield></datafield><datafield ind1=" " ind2=" " tag="260"><subfield code="a">Lenox, Iowa :</subfield><subfield code="b">Harvey Lupton</subfield></datafield><datafield ind1=" " ind2=" " tag="300"><subfield code="a">v. :</subfield><subfield code="b">ill.</subfield></datafield><datafield ind1=" " ind2=" " tag="310"><subfield code="a">Weekly</subfield></datafield><datafield ind1="1" ind2=" " tag="362"><subfield code="a">Began with Oct. 2, 1874 issue.</subfield><subfield code="z">Cf. Bibl. of Iowa newspapers.</subfield></datafield><datafield ind1=" " ind2=" " tag="500"><subfield code="a">Title varies slightly.</subfield></datafield><datafield ind1=" " ind2=" " tag="500"><subfield code="a">Publisher varies.</subfield></datafield><datafield ind1=" " ind2=" " tag="500"><subfield code="a">Includes section called: Blockton news department, Oct. 1, 1942-Apr. 22, 1943.</subfield></datafield><datafield ind1=" " ind2=" " tag="500"><subfield code="a">Official paper of Taylor County.</subfield></datafield><datafield ind1=" " ind2=" " tag="515"><subfield code="a">Vol. 41, no. 4 (Jan. 1, 1913) and v. 41, no. 5 (Jan. 8, 1913) misdated Jan. 1, 1914, and Jan. 8, 1914, respectively.</subfield></datafield><datafield ind1=" " ind2=" " tag="525"><subfield code="a">Includes frequent supplements.</subfield></datafield><datafield ind1=" " ind2=" " tag="588"><subfield code="a">Description based on: Vol. 2, no. 48 (Sept. 8, 1876).</subfield></datafield><datafield ind1=" " ind2=" " tag="752"><subfield code="a">United States</subfield><subfield code="b">Iowa</subfield><subfield code="c">Taylor</subfield><subfield code="d">Lenox.</subfield></datafield><datafield ind1=" " ind2=" " tag="752"><subfield code="a">United States</subfield><subfield code="b">Iowa</subfield><subfield code="c">Taylor</subfield><subfield code="d">Blockton.</subfield></datafield><datafield ind1="0" ind2="5" tag="780"><subfield code="t">New times (Lenox, Iowa)</subfield><subfield code="g">Dec. 15, 1910</subfield></datafield><datafield ind1="1" ind2=" " tag="787"><subfield code="t">Blockton news department</subfield></datafield></record>